@book{pmbok,
	Author = {PMI: Project Management Institute},
	Title = {Guide to the Project Management Body of Knowledge},
	Year = {2013},
	Address = {EUA},
	Pages = {496},
	Editor = {Project Management},
}

@misc{nutricao1,
  Author = {HODGKIN, Georgia E},
  Title = {Nutrição e rendimento acadêmico: estão eles relacionados?},
  Note = {Acessado em: 29 de setembro de 2016},
  Url = {http://dialogue.adventist.org/pt/20-1/hodgkin/nutricao-e-rendimento-academico-estao-eles-relacionados.},
}

@misc{nutricao2,
  Title = {Beneficios da Cenoura},
  Note = {Acessado em: 29 de setembro de 2016},
  Url = {http://belezaesaude.com/cenoura/},
}

@misc{nutricao3,
  Title = {Beneficios do Morango},
  Note = {Acessado em: 29 de setembro de 2016.},
  Url = {http://belezaesaude.com/morango/},
}

@misc{nutricao4,
  Title = {Folhas Verdes: A Chave para sua Boa Saúde},
  Note = {Acessado em: 29 de setembro de 2016},
  Url = {http://belezaesaude.com/folhas-verdes/},
}

@misc{nutricao5,
  Title = {Beneficios do Tomate},
  Note = {Acessado em: 29 de setembro de 2016.},
  Url = {http://belezaesaude.com/tomate/},
}

@misc{nutricao6,
  Author = {PIRES, Thalita},
  Title = {Agricultura Urbana},
  Note = {Acessado 28 de setembro de 2016},
  Url = {http://agriculturaurbana.org.br/textos/rede_brasil_atual_entrevista_Helio_Rocha.htm},
}

@misc{nutricao7,
  Title = {Follow the colours},
  Note = {Acessado em 16 de setembro de 2016},
  Url = {http://followthecolours.com.br},
}

@misc{nutricao8,
  Title = {Dez alimentos para melhorar o desempenho escolar},
  Note = {Acessado 29 de setembro de 2016},
  Url = {http://www.criasaude.com.br/alimentos-para-melhorar-o-desempenho-escolar.html},
}

@misc{nutricao9,
  Title = {Equipamentos Públicos},
  Note = {Acessado em: 27 de setembro de 2016},
  Url = {http://infraestruturaurbana.pini.com.br/solucoes-tecnicas/16/1-telhado-verde-cobertura-de-edificacoes-com-vegetacao-requer-260593-1.aspx},
}

@misc{nutricao10,
  Author = {BALDESSAR, Silva; Tavares, Sergio},
  Title = {Telhado Verde E Sua Contribuição Na Redução Da Vazão Da Água Pluvial Escoada},
  Address = {XIV  ENTAC - Encontro Nacional de Tecnologia do Ambiente Construído – UFPR},
  Month = {Outubro},
  Year = {2012},
}

@misc{nutricao11,
  Author = {BONI, Filipe},
  Title = {TELHADO VERDE: UMA OPÇÃO SUSTENTÁVEL?},
  Note = {Acessado em 29 de Setembro de 2016},
  Url = { http://2030studio.com/telhado-verde-uma-opcao-sustentavel},
}

@misc{nutricao12,
  Title = {Maracuja: os benefícios vão além da ação tranquilizante},
  Note = {Acessado 28 de setembro de 2016},
  Url = {http://mdemulher.abril.com.br/saude/saude/maracuja-os-beneficios-vao-alem-da-acao-tranquilizante},
}

@misc{infra1,
  Author = {GOOGLE MAPS},
  Title = {UnB Gama},
  Year = {2016},
  Note = {Acessado em: 30 de Setembro de 2016},
  Url = {https://www.google.com.br/maps/place/UnB+Gama/},
}

@article{infra2,
  title={Latossolos do Brasil: uma revis{\~a}o},
  author={Ker, Jo{\~a}o Carlos},
  journal={Revista Geonomos},
  volume={5},
  number={1},
  year={1997}
}

@article{infra3,
  title={Sistema brasileiro de classifica{\c{c}}{\~a}o de solos},
  author={Solos, Embrapa},
  journal={Centro Nacional de Pesquisa de Solos: Rio de Janeiro},
  year={2013}
}
